
@BOOK {shirky:2008:here,
  author    = {Shirky, Clay},
  title     = {Here Comes Everybody: The Power of Organizing Without Organizations},
  year      = 2008,
  publisher = {Penguin Press}
}

@PHDTHESIS {hwang:2008,
  author = {Hwang, Hyunseo},

  title  = {Why Does Incivility Matter When Communicating Disagreement?:
            Examining the Psychological Process of Antagonism in Political
            Discussion.},
  school = {University of Wisconsin-Madison}, year   = 2008
}

@ARTICLE {santana:2011,
  author  = {Santana, Arthur D.},
  title   = {Online Readers' Comments Represent New Opinion Pipeline},
  journal = {Newspaper Research Journal},
  year    = 2011,
  volume  = 32,
  number  = 3,
  pages   = {66-81}
}

@ARTICLE {santana:2014,
  author  = {Arthur D. Santana},
  title   = {Controlling the Conversation},
  journal = {Journalism Studies},
  volume  = {0},
  number  = {0},
  pages   = {1-18},
  year    = {2014},
  doi     = {10.1080/1461670X.2014.972076},
  URL     = {http://dx.doi.org/10.1080/1461670X.2014.972076},
  eprint  = { http://dx.doi.org/10.1080/1461670X.2014.972076}
}

@BOOK {singer:2011:participatory,
  title     = {Participatory Journalism: Guarding Open Gates at Online Newspapers},
  author    = {Singer, Jane B. and Domingo, David and Heinonen, Ari and Hermida,
               Alfred and Paulussen, Steve and Quandt, Thorsten and Reich, Zvi
               and Vujnovic, Marina},
  isbn      = {9781444340723},
  url       = {http://www.participatoryjournalism.org/},
  year      = {2011},
  publisher = {Wiley}
}

@BOOK {kunzler:2009,
  title     = {Die Liberalisierung von Radio und Fernsehen: Leitbilder der Rundfunkregulierung im L{\"a}ndervergleich},
  author    = {K{\"u}nzler, Matthias},
  isbn      = {9783867641548},
  lccn      = {2009494772},
  series    = {Kommunikationswissenschaft (Konstanz, Germany)},
  url       = {https://books.google.de/books?id=HgBkPgAACAAJ},
  year      = {2009},
  publisher = {UVK Verlagsgesellschaft}
}

Loke, J. (2013) “Readers’ Debate a Local Murder Trial: ‘Race’ in the Online
Public Sphere.” Communication, Culture \& Critique 6 (1): 179–200.
doi:10.1111/j.1753-9137.2012.01139.x.

Paulussen, S. 2011. ``Inside the Newsroom Journalists’ motivations and organizational structures'' In: Practices


Robinson, S. 2010. “Traditionalists vs. Convergers: Textual Privilege, Boundary Work, and the
Journalist – Audience Relationship in the Commenting Policies of Online NewsSites.”
Convergence: The International Journal of Research into New Media Technologies 16 (1):
125–143. doi:10.1177/1354856509347719.

Loke, J. (2013) “Readers’ Debate a Local Murder Trial: ‘Race’ in the Online
Public Sphere.” Communication, Culture \& Critique 6 (1): 179–200.
doi:10.1111/j.1753-9137.2012.01139.x.

Loke, J. (2013) “Readers’ Debate a Local Murder Trial: ‘Race’ in the Online
Public Sphere.” Communication, Culture \& Critique 6 (1): 179–200.
doi:10.1111/j.1753-9137.2012.01139.x.


